@article{
	Olukotun,
	author="Kunle Olukotun",
	title="Chip Multiprocessor Architecture — Techniques to Improve Throughput and Latency",
	journal="Morgan and Claypool Publishers",
	pages="154",
	language="english",
	year=2007
}

@article{
	Nemirovsky,
	author="Mario Nemirovsky, Dean M. Tullsen",
	title="Multithreading Architecture",
	journal="Morgan and Claypool Publishers",
	language="english",
	year=2013
}

@book{
	sortr,
	author="Э.С. Фомин",
	title="Сортировка массивов коротких последовательностей",
	publisher="Институт Цитологии и Генетики СО РАН",
	year=2010,
	pages=302
}

@misc{csharplang,
	title="Документация по С\# [Электронный ресурс]",
	howpublished="Режим доступа: \url{https://docs.microsoft.com/ru-ru/dotnet/csharp/} (дата обращения: 30.09.2021)"
}
@misc{csharplang1,
	title="СТруктура DateTime [Электронный ресурс]",
	howpublished="Режим доступа: \url{https://docs.microsoft.com/ru-ru/dotnet/api/system.datetime?view=netframework-4.8} (дата обращения: 09.10.2021)"
}

@misc{csharplang2,
	title="Свойство DateTime.Now.Ticks [Электронный ресурс]",
	howpublished="Режим доступа: \url{https://docs.microsoft.com/ru-ru/dotnet/api/system.datetime.ticks?view=netcore-3.1} (дата обращения: 09.10.2021)"
}

@misc{mefhod,
	title="Документация по С\# [Электронный ресурс]",
	howpublished="Режим доступа: \url{https://docs.microsoft.com/ru-ru/dotnet/api/system.threading.tasks.parallel.foreach?view=netframework-4.8} (дата обращения: 04.10.2021)"
}


@misc{konveer,
	title="Конвейерная организация [Электронный ресурс]",
	howpublished="Режим доступа: \url{http://www.citforum.mstu.edu.ru/hardware/svk/glava_5.shtml} (дата обращения: 18.10.2021)"
}

@misc{wind,
	title="Visual Studio Microsoft [Электронный ресурс]",
	howpublished="Режим доступа: \url{https://visualstudio.microsoft.com/ru/downloads/} (дата обращения: 30.09.2021)"
}

@misc{oswind,
	title="Windows [Электронный ресурс]",
	howpublished="Режим доступа: \url{https://www.microsoft.com/ru-ru/windows} (дата обращения: 30.09.2021)"
}


@misc{intel,
	title="Процессор Intel® Core™ i5-1135G7 [Электронный ресурс]",
	howpublished="Режим доступа: \url{https://www.intel.ru/content/www/ru/ru/products/sku/208658/intel-core-i51135g7-processor-8m-cache-up-to-4-20-ghz/specifications.html} (дата обращения: 04.09.2021)"
}
