@book{
	Ulianov,
	author="Ульянов М.В.",
	title="Ресурсно-эффективные компьютерные алгоритмы.",
	publisher="ФИЗМАТЛИТ",
	year=2008,
	pages=304
}

@book{
	sortr,
	author="Э.С. Фомин",
	title="Сортировка массивов коротких последовательностей",
	publisher="Институт Цитологии и Генетики СО РАН",
	year=2010,
	pages=302
}

@misc{kommivoyazh,
	title="Задача коммирояжера [Электронный ресурс]",
	howpublished="Режим доступа: \url{http://galyautdinov.ru/post/zadacha-kommivoyazhera} (дата обращения: 30.10.2021)"
}
@misc{gamilt,
	title="Гамильтонов цикл [Электронный ресурс]",
	howpublished="Режим доступа: \url{https://bigenc.ru/mathematics/text/2343214} (дата обращения: 30.10.2021)"
}

@misc{lang_c,
	title="Введение в язык Си [Электронный ресурс]",
	howpublished="Режим доступа: \url{http://dfe.petrsu.ru/koi/posob/c/} (дата обращения: 02.11.2021)"
}

@misc{mefhod,
	title="Документация по С\# [Электронный ресурс]",
	howpublished="Режим доступа: \url{https://docs.microsoft.com/ru-ru/dotnet/api/system.threading.tasks.parallel.foreach?view=netframework-4.8} (дата обращения: 04.10.2021)"
}


@misc{konveer,
	title="Конвейерная организация [Электронный ресурс]",
	howpublished="Режим доступа: \url{http://www.citforum.mstu.edu.ru/hardware/svk/glava_5.shtml} (дата обращения: 18.10.2021)"
}

@misc{wind,
	title="Visual Studio Code [Электронный ресурс]",
	howpublished="Режим доступа: \url{https://code.visualstudio.com/} (дата обращения: 30.09.2021)"
}

@misc{ubuntu,
	title="Ubuntu 20.04.3 LTS (Focal Fossa) [Электронный ресурс]",
	howpublished="Режим доступа: \url{https://releases.ubuntu.com/20.04/} (дата обращения: 04.09.2021)"
}

@misc{linux,
	title="Linux -- Википедия [Электронный ресурс]",
	howpublished="Режим доступа: \url{https://ru.wikipedia.org/wiki/Linux} (дата обращения: 04.09.2021)"
}

@misc{intel,
	title="Процессор Intel® Core™ i5-1135G7 [Электронный ресурс]",
	howpublished="Режим доступа: \url{https://www.intel.ru/content/www/ru/ru/products/sku/208658/intel-core-i51135g7-processor-8m-cache-up-to-4-20-ghz/specifications.html} (дата обращения: 04.09.2021)"
}